@online{a:doc,
  author = {A},
  title  = {The A documentation},
  url    = {http://a.com}
}
@online{b:doc,
  author  = {B},
  title   = {The B documentation},
  year    = 2010,
  url     = {http://b.com},
  urldate = {2010-09-30}
}

@article{bib:art1,
  author  = {AUTHOR},
  journal = {Journal},
  title   = {TITLE},
  year    = {2018},
  volume  = {100},
  number  = {100},
  pages   = {2177-2187}
}
